@ARTICLE{NewmanGirvan2004,
  author  = {Newman, M. E. J. and Girvan, M.},
  title   = {Finding and evaluating community structure in networks},
  journal = {Phys. Rev. E.}, 
  volume  = {69},
  year    = {2004},
  pages   = {026113}
}

@article{Viklund2009,
 ISSN = {10581634},
 URL = {http://www.jstor.org/stable/42975921},
 author = {C. Keith Harrison},
 journal = {Counterpoints},
 pages = {103--121},
 publisher = {Peter Lang AG},
 title = {Chapter Seven: Brains, Brawn, and Pigskin Balls: Racism and Athletic Manifestation in Society},
 volume = {107},
 year = {2000}
}


@techreport{imp_bias,
  author      = {Staats, Cheryl and Capasto, Kelly and Tenney, Lena and Mamo, Sarah},
  title       = {Implicit Bias Review},
  institution = {The Ohio State University},
  year        = {2017}
}

@inproceedings{Greenberg2002Minorities,
  booktitle = {Minorities and the mass media: Television into the 21st century},
  title = {Minorities and the mass media: Television into the 21st century},
  author = {B. Greenberg and Dana E. Mastro and Jeffrey E. Brand},
  year = {2002}
}

@article{mediastudy,
author = {Nancy Signorielli},
title = {Race and Sex in Prime Time: A Look at Occupations and Occupational Prestige},
journal = {Mass Communication and Society},
volume = {12},
number = {3},
pages = {332-352},
year  = {2009},
publisher = {Routledge},
doi = {10.1080/15205430802478693},
URL = { 
        https://doi.org/10.1080/15205430802478693   
},
eprint = { 
        https://doi.org/10.1080/15205430802478693    
}
}

@inproceedings{Castaneda,
  booktitle = {The Power of (Mis)Representation: Why Racial and Ethnic Stereotypes in the Media Matter},
  title={The Power of (Mis)Representation: Why Racial and Ethnic Stereotypes in the Media Matter},
  author={M. Casta{\~n}eda},
  year={2018}
}

@article{CommentatorBias,
  author    = {Jack Merullo and
               Luke Yeh and
               Abram Handler and
               Alvin Grissom II and
               Brendan O'Connor and
               Mohit Iyyer},
  title     = {Investigating Sports Commentator Bias within a Large Corpus of American
               Football Broadcasts},
  journal   = {CoRR},
  volume    = {abs/1909.03343},
  year      = {2019},
  url       = {http://arxiv.org/abs/1909.03343},
  archivePrefix = {arXiv},
  eprint    = {1909.03343},
  timestamp = {Tue, 17 Sep 2019 11:23:44 +0200},
  biburl    = {https://dblp.org/rec/journals/corr/abs-1909-03343.bib},
  bibsource = {dblp computer science bibliography, https://dblp.org}
}

@article{ColorCoded,
author = { James A.   Rada  and  K. Tim   Wulfemeyer },
title = {Color Coded: Racial Descriptors in Television Coverage of Intercollegiate Sports},
journal = {Journal of Broadcasting \& Electronic Media},
volume = {49},
number = {1},
pages = {65-85},
year  = {2005},
publisher = {Routledge},
doi = {10.1207/s15506878jobem4901\_5},

URL = { 
        https://doi.org/10.1207/s15506878jobem4901_5
    
},
eprint = { 
        https://doi.org/10.1207/s15506878jobem4901_5
    
}

}

@INPROCEEDINGS{SentiAnalysis,
  author={Mouthami, K. and Devi, K. Nirmala and Bhaskaran, V. Murali},
  booktitle={2013 International Conference on Information Communication and Embedded Systems (ICICES)}, 
  title={Sentiment analysis and classification based on textual reviews}, 
  year={2013},
  volume={},
  number={},
  pages={271-276},
  doi={10.1109/ICICES.2013.6508366}}

@INPROCEEDINGS{SentiGI, 
  author={Pollach, I.}, 
  booktitle={Proceedings of the 39th Annual Hawaii International Conference on System Sciences (HICSS'06)},  
  title={Electronic Word of Mouth: A Genre Analysis of Product Reviews on Consumer Opinion Web Sites},  
  year={2006}, 
  volume={3}, 
  number={}, 
  pages={51c-51c},  
  doi={10.1109/HICSS.2006.146}
}

@book{stone66,
  added-at = {2009-01-08T03:13:35.000+0100},
  address = {Cambridge, MA},
  author = {Stone, Philip J. and Dunphy, Dexter C. and Smith, Marshall S. and Ogilvie, Daniel M.},
  biburl = {https://www.bibsonomy.org/bibtex/2cca1be66f84fee5a75c3f3afb95ae943/pdturney},
  interhash = {5c05f7801d4ef5ad61cd8e6998142dad},
  intrahash = {cca1be66f84fee5a75c3f3afb95ae943},
  key = {Stone et al.},
  keywords = {imported},
  publisher = {MIT Press},
  title = {The General Inquirer: A Computer Approach to Content Analysis},
  year = 1966
}



@article{scikit-learn,
 title={Scikit-learn: Machine Learning in {P}ython},
 author={Pedregosa, F. and Varoquaux, G. and Gramfort, A. and Michel, V.
         and Thirion, B. and Grisel, O. and Blondel, M. and Prettenhofer, P.
         and Weiss, R. and Dubourg, V. and Vanderplas, J. and Passos, A. and
         Cournapeau, D. and Brucher, M. and Perrot, M. and Duchesnay, E.},
 journal={Journal of Machine Learning Research},
 volume={12},
 pages={2825--2830},
 year={2011}
}

@INPROCEEDINGS{Chinese_textC,
  author={Miao, Fang and Zhang, Pu and Jin, Libiao and Wu, Hongda},
  booktitle={2018 10th International Conference on Intelligent Human-Machine Systems and Cybernetics (IHMSC)}, 
  title={Chinese News Text Classification Based on Machine Learning Algorithm}, 
  year={2018},
  volume={02},
  number={},
  pages={48-51},
  doi={10.1109/IHMSC.2018.10117}}

@article{Dharmadhikari2011EmpiricalSO,
  title={Empirical Studies on Machine Learning Based Text Classification Algorithms},
  author={S. Dharmadhikari and M. Ingle and P. Kulkarni},
  journal={Advanced Computing: An International Journal},
  year={2011},
  volume={2},
  pages={161-169}
}

@INPROCEEDINGS{SVM_SGD,
  author={Prasetijo, Agung B. and Isnanto, R. Rizal and Eridani, Dania and Soetrisno, Yosua Alvin Adi and Arfan, M. and Sofwan, Aghus},
  booktitle={2017 4th International Conference on Information Technology, Computer, and Electrical Engineering (ICITACEE)}, 
  title={Hoax detection system on Indonesian news sites based on text classification using SVM and SGD}, 
  year={2017},
  volume={},
  number={},
  pages={45-49},
  doi={10.1109/ICITACEE.2017.8257673}}

@INPROCEEDINGS{Arabic_SGD_LR,
  author={Madhfar, Mokhtar Ali Hasan and Al-Hagery, Mohammed Abdullah Hassan},
  booktitle={2019 International Conference on Computer and Information Sciences (ICCIS)}, 
  title={Arabic Text Classification: A Comparative Approach Using a Big Dataset}, 
  year={2019},
  volume={},
  number={},
  pages={1-5},
  doi={10.1109/ICCISci.2019.8716479}}

  @article{BalancingMethods,
author = {Batista, Gustavo E. A. P. A. and Prati, Ronaldo C. and Monard, Maria Carolina},
title = {A Study of the Behavior of Several Methods for Balancing Machine Learning Training Data},
year = {2004},
issue_date = {June 2004},
publisher = {Association for Computing Machinery},
address = {New York, NY, USA},
volume = {6},
number = {1},
issn = {1931-0145},
url = {https://doi.org/10.1145/1007730.1007735},
doi = {10.1145/1007730.1007735},
journal = {SIGKDD Explor. Newsl.},
month = jun,
pages = {20â€“29},
numpages = {10}
}

@INPROCEEDINGS{imbalanced_data,
  author={Song, Yale and Morency, Louis-Philippe and Davis, Randall},
  booktitle={2013 10th IEEE International Conference and Workshops on Automatic Face and Gesture Recognition (FG)}, 
  title={Distribution-sensitive learning for imbalanced datasets}, 
  year={2013},
  volume={},
  number={},
  pages={1-6},
  doi={10.1109/FG.2013.6553715}}


@article{imb-learn,
author  = {Guillaume  Lema{{\^i}}tre and Fernando Nogueira and Christos K. Aridas},
title   = {Imbalanced-learn: A Python Toolbox to Tackle the Curse of Imbalanced Datasets in Machine Learning},
journal = {Journal of Machine Learning Research},
year    = {2017},
volume  = {18},
number  = {17},
pages   = {1-5},
url     = {http://jmlr.org/papers/v18/16-365.html}
}

@INPROCEEDINGS{k-fold_cross,
  author={Yadav, Sanjay and Shukla, Sanyam},
  booktitle={2016 IEEE 6th International Conference on Advanced Computing (IACC)}, 
  title={Analysis of k-Fold Cross-Validation over Hold-Out Validation on Colossal Datasets for Quality Classification}, 
  year={2016},
  volume={},
  number={},
  pages={78-83},
  doi={10.1109/IACC.2016.25}}
